
%%%%%%%%%%%%% Pictures

@misc{PixBoard,
  title     = {Board circuit control center 410099},
  author  = {Pixabay},
  note = {\url{https://pixabay.com/illustrations/board-circuit-control-center-410099/}, accessed 30.12.2020},
}

@misc{PixMicroscope,
  title     = {White blood cell cell blood cell blood 45239},
  author  = {Pixabay},
  note = {\url{https://www.pexels.com/de-de/foto/handy-mensch-wissenschaft-45239/}, accessed 30.12.2020},
    keywords       = {pic},
}

%%%%%%%%% Information Sources

@book{Book4,
  title     = {Book 4},
  publisher = {Publisher 2},
  year      = {2015},
  author    = {Person Personsen},
  keywords   = {inf},
}

@book{Book5,
  title     = {Book 5},
  publisher = {Publisher 4},
  year      = {2008},
  author    = {Mark Marksen},
  keywords   = {inf},
}


%%%%%%%%% Additional Literature

@book{Book1,
  title     = {Book 1},
  publisher = {Publisher 12},
  year      = {2015},
  author    = {Person Personsen},
  keywords   = {lit},
}

@book{Book2,
  title     = {Book 2},
  publisher = {Publisher 14},
  year      = {2001},
  author    = {Person Personsen and Max Maxsen and Mark Marksen},
  keywords   = {lit},
}

@book{Book3,
  title     = {Book 3},
  publisher = {Publisher 8},
  year      = {1995},
  author    = {Max Maxsen and Mark Marksen},
  keywords   = {lit},
}
